<?xml version="1.0" encoding="UTF-8"?><collection xmlns="http://www.loc.gov/MARC21/slim"><record><leader>00735nam--2200193-u-4500</leader><controlfield tag="001">000054564</controlfield><controlfield tag="002">20161230</controlfield><controlfield tag="005">20161230201051</controlfield><controlfield tag="008">120201s1000------------r-----000-0-eng-d</controlfield><datafield ind1=" " ind2=" " tag="020"><subfield code="a">9971502437</subfield></datafield><datafield ind1=" " ind2=" " tag="040"><subfield code="a">IFIFN-HH</subfield></datafield><datafield ind1=" " ind2=" " tag="080"><subfield code="a">539.12.01(061.3)</subfield></datafield><datafield ind1="1" ind2=" " tag="100"><subfield code="a">Detar, Carleton</subfield></datafield><datafield ind1="1" ind2="0" tag="245"><subfield code="a">Proceedings of the salt lake city meeting</subfield><subfield code="b">Third regular meeting (new series) of the division of particles and fields of the american physical society hosted by the physics department, university of utah, salt lake city, utah, january 14-17, 1987</subfield><subfield code="c">Carleton detar, james ball (eds.)</subfield></datafield><datafield ind1=" " ind2=" " tag="260"><subfield code="a">Singapore</subfield><subfield code="b">World Scientific</subfield><subfield code="c">1987</subfield></datafield><datafield ind1=" " ind2=" " tag="300"><subfield code="a">665P</subfield></datafield><datafield ind1="1" ind2=" " tag="700"><subfield code="a">Ball, James</subfield><subfield code="e">Ed</subfield></datafield><datafield ind1=" " ind2=" " tag="852"><subfield code="a">79750</subfield><subfield code="c">539.12</subfield></datafield><datafield ind1=" " ind2=" " tag="CAT"><subfield code="a">Sys</subfield><subfield code="c">20120201</subfield><subfield code="h">162817</subfield></datafield></record></collection>